<record><leader>00000cas a2200000 a 4500</leader><controlfield tag="001">7156998</controlfield><controlfield tag="008">810225d18651881nyuwr ne      0    0eng c</controlfield><datafield ind1=" " ind2=" " tag="010"><subfield code="a">sn 83030458 </subfield></datafield><datafield ind1=" " ind2=" " tag="040"><subfield code="a">BTI</subfield><subfield code="b">eng</subfield><subfield code="c">BTI</subfield><subfield code="d">NPU</subfield><subfield code="d">NPA</subfield><subfield code="d">BTI</subfield><subfield code="d">NPT</subfield><subfield code="d">NPX</subfield><subfield code="d">NYG</subfield><subfield code="d">NYS</subfield><subfield code="d">MGN</subfield><subfield code="d">YOX</subfield><subfield code="d">NVF</subfield><subfield code="d">ATL</subfield><subfield code="d">NYS</subfield><subfield code="d">ATL</subfield><subfield code="d">NYS</subfield><subfield code="d">KRTAS</subfield><subfield code="d">OCLCQ</subfield><subfield code="d">WIH</subfield><subfield code="d">OCLCF</subfield><subfield code="d">OCLCO</subfield></datafield><datafield ind1="1" ind2=" " tag="029"><subfield code="a">AU@</subfield><subfield code="b">000020419328</subfield></datafield><datafield ind1=" " ind2=" " tag="042"><subfield code="a">pcc</subfield></datafield><datafield ind1=" " ind2=" " tag="043"><subfield code="a">n-us-ny</subfield><subfield code="a">n-us---</subfield></datafield><datafield ind1=" " ind2=" " tag="090"><subfield code="a">BX6201</subfield></datafield><datafield ind1="0" ind2="4" tag="245"><subfield code="a">The examiner and chronicle.</subfield></datafield><datafield ind1=" " ind2=" " tag="260"><subfield code="a">New-York [N.Y.] :</subfield><subfield code="b">Edward Bright &amp; Co.,</subfield><subfield code="c">1865-1881.</subfield></datafield><datafield ind1=" " ind2=" " tag="300"><subfield code="a">17 v. ;</subfield><subfield code="c">66 cm.</subfield></datafield><datafield ind1=" " ind2=" " tag="310"><subfield code="a">Weekly</subfield></datafield><datafield ind1="0" ind2=" " tag="362"><subfield code="a">Vol. 42, no. 8 (Mar. 2, 1865)-v. 58, no. 49 (Dec. 8, 1881).</subfield></datafield><datafield ind1=" " ind2=" " tag="500"><subfield code="a">Printer: Thomas A. Pettegrew, &lt;1865&gt;</subfield></datafield><datafield ind1=" " ind2=" " tag="515"><subfield code="a">Vols. for Mar. 2, 1865-Feb. 26, 1874 continue the numbering of both the Examiner, v. 42, no. 8-v. 51, no. 9, and the Chronicle, v. 19, no. 39-v. 28, no. 40; issues for Mar. 5, 1874-1881 assume the numbering of the Examiner.</subfield></datafield><datafield ind1=" " ind2=" " tag="530"><subfield code="a">Also issued on microfilm by American Theological Library Association.</subfield></datafield><datafield ind1=" " ind2=" " tag="580"><subfield code="a">Formed by the union of: Chronicle (New York, N.Y.); and: Examiner, or, New-York recorder and New-York Baptist register.</subfield></datafield><datafield ind1=" " ind2="0" tag="650"><subfield code="a">Baptists</subfield><subfield code="z">United States</subfield><subfield code="v">Newspapers.</subfield></datafield><datafield ind1=" " ind2="0" tag="651"><subfield code="a">New York (N.Y.)</subfield><subfield code="v">Newspapers.</subfield></datafield><datafield ind1=" " ind2="0" tag="651"><subfield code="a">New York County (N.Y.)</subfield><subfield code="v">Newspapers.</subfield></datafield><datafield ind1=" " ind2="7" tag="655"><subfield code="a">Newspapers.</subfield><subfield code="2">fast</subfield><subfield code="0">(OCoLC)fst01423814</subfield></datafield><datafield ind1=" " ind2="7" tag="650"><subfield code="a">Baptists.</subfield><subfield code="2">fast</subfield><subfield code="0">(OCoLC)fst00827285</subfield></datafield><datafield ind1=" " ind2="7" tag="651"><subfield code="a">New York (State)</subfield><subfield code="z">New York.</subfield><subfield code="2">fast</subfield><subfield code="0">(OCoLC)fst01204333</subfield></datafield><datafield ind1=" " ind2="7" tag="651"><subfield code="a">New York (State)</subfield><subfield code="z">New York County.</subfield><subfield code="2">fast</subfield><subfield code="0">(OCoLC)fst01234953</subfield></datafield><datafield ind1=" " ind2="7" tag="651"><subfield code="a">United States.</subfield><subfield code="2">fast</subfield><subfield code="0">(OCoLC)fst01204155</subfield></datafield><datafield ind1=" " ind2=" " tag="752"><subfield code="a">United States</subfield><subfield code="b">New York</subfield><subfield code="c">New York</subfield><subfield code="d">New York.</subfield></datafield><datafield ind1="1" ind2=" " tag="776"><subfield code="c">Microfilm</subfield><subfield code="d">American Theological Library Association</subfield><subfield code="w">(DLC)  2001221634</subfield><subfield code="w">(OCoLC)9655253</subfield></datafield><datafield ind1="1" ind2="4" tag="780"><subfield code="t">Chronicle (New York, N.Y.)</subfield><subfield code="w">(DLC)sn 87060225</subfield><subfield code="w">(OCoLC)15633291</subfield></datafield><datafield ind1="1" ind2="4" tag="780"><subfield code="t">Examiner, or, New-York recorder and New-York Baptist register</subfield><subfield code="w">(DLC)sn 83030461</subfield><subfield code="w">(OCoLC)7158598</subfield></datafield><datafield ind1="0" ind2="0" tag="785"><subfield code="t">Examiner (New York, N.Y. : 1881)</subfield><subfield code="w">(DLC)sn 84031753</subfield><subfield code="w">(OCoLC)7156975</subfield></datafield><datafield ind1=" " ind2=" " tag="938"><subfield code="a">Kirtas Technologies, Inc.</subfield><subfield code="b">KRTS</subfield><subfield code="n">735870</subfield></datafield></record>